// TODO(tf_dataset): BibTeX citation
