@book{<++KEY++>,
  author    = {<++NAME++>},
  title     = {<++TITLE++>},
  publisher = {Department of Computer Science, Kiel University},
  year      = {<++YEAR++>},
  number    = {<++YEAR++>/<++NUMBER++>},
  isbn      = {<++ISBN IF ANY++>},
  doi       = {<++DOI++>},
  series    = {Kiel Computer Science Series},
  note      = {Dissertation, Faculty of Engineering,
               Kiel University.}
}
